<record><leader>00000cas a22000007a 4500</leader><controlfield tag="001">21655768</controlfield><controlfield tag="008">900531d18911891couwr n       0    0eng d</controlfield><datafield ind1=" " ind2=" " tag="010"><subfield code="a">sn 90051370 </subfield></datafield><datafield ind1=" " ind2=" " tag="040"><subfield code="a">CNQ</subfield><subfield code="b">eng</subfield><subfield code="c">CNQ</subfield><subfield code="d">OCLCQ</subfield></datafield><datafield ind1=" " ind2=" " tag="042"><subfield code="a">msc</subfield></datafield><datafield ind1="0" ind2="4" tag="245"><subfield code="a">The avalanche and Glenwood echo.</subfield></datafield><datafield ind1=" " ind2=" " tag="260"><subfield code="a">Glenwood Springs, Colo. :</subfield><subfield code="b">H.J. Holmes</subfield></datafield><datafield ind1=" " ind2=" " tag="300"><subfield code="a">v.</subfield></datafield><datafield ind1=" " ind2=" " tag="310"><subfield code="a">Weekly</subfield></datafield><datafield ind1="0" ind2=" " tag="362"><subfield code="a">Vol. 4, no. 22 (June 5, 1891)-v.4, no. 35 (Sept. 4, 1891) = Echo, v. 7, no. 21-v.7, no. 34.</subfield></datafield><datafield ind1=" " ind2=" " tag="530"><subfield code="a">Available on microfilm from the Colorado Historical Society.</subfield></datafield><datafield ind1=" " ind2=" " tag="580"><subfield code="a">Daily ed.: Avalanche in it daily.</subfield></datafield><datafield ind1=" " ind2=" " tag="752"><subfield code="a">United States</subfield><subfield code="b">Colorado</subfield><subfield code="c">Garfield</subfield><subfield code="d">Glenwood Springs.</subfield></datafield><datafield ind1="1" ind2=" " tag="775"><subfield code="t">Avalanche in it daily</subfield><subfield code="w">(DLC)sn 91052623</subfield></datafield><datafield ind1="0" ind2="4" tag="780"><subfield code="t">Avalanche (Carbondale, Colo. : 1888)</subfield><subfield code="w">(DLC)sn 90051371</subfield></datafield><datafield ind1="0" ind2="4" tag="780"><subfield code="t">Glenwood echo</subfield><subfield code="w">(DLC)sn 91052663</subfield></datafield><datafield ind1="0" ind2="0" tag="785"><subfield code="t">Avalanche echo</subfield><subfield code="w">(DLC)sn 91052099</subfield></datafield></record>